@inproceedings{cricket_01,
   author =       "Adam Smith and Hari Balakrishnan and Michel Goraczko and Nissanka Bodhi Priyantha",
   title =        "{Tracking Moving Devices with the Cricket Location System}",
   booktitle =    {2nd International Conference on Mobile Systems, Applications and Services (Mobisys 2004)},
   year =         {2004},
   month =        {June},
   address =      {Boston, MA}
}
@article{active_bat,
  title={Concurrent scheduling in the Active Bat location system},
  author={Woodman, Oliver J and Harle, Robert K},
  publisher={Citeseer}
}
@inproceedings{ultrasonic_erlangen,
  title={Real-time indoor localization support for four-rotor flying robots using sensor nodes},
  author={Eckert, Juergen and Dressler, Falko and German, Reinhard},
  booktitle={Robotic and Sensors Environments, 2009. ROSE 2009. IEEE International Workshop on},
  pages={23--28},
  year={2009},
  organization={IEEE}
}
@inproceedings{uwb_decawave,
  title={Recent trends and advances in UWB positioning},
  author={Mahfouz, Mohamed R and Fathy, Aly E and Kuhn, Michael J and Wang, Yahzou},
  booktitle={Wireless Sensing, Local Positioning, and RFID, 2009. IMWS 2009. IEEE MTT-S International Microwave Workshop on},
  pages={1--4},
  year={2009},
  organization={IEEE}
}
@article{uwb_localisation_copter,
  title={Polypoint: Guiding indoor quadrotors with ultra-wideband localization},
  author={Kempke, Benjamin and Pannuto, Pat and Dutta, Prabal},
  journal={Ann Arbor},
  volume={1001},
  pages={48109},
  year={2015}
}
@inproceedings{lanzisera2006,
  title={RF time of flight ranging for wireless sensor network localization},
  author={Lanzisera, Steven and Lin, David T and Pister, Kristofer SJ},
  booktitle={Intelligent Solutions in Embedded Systems, 2006 International Workshop on},
  pages={1--12},
  year={2006},
  organization={IEEE}
}
